@techreport{pagerank,
          number = {1999-66},
           month = {November},
          author = {Lawrence Page and Sergey Brin and Rajeev Motwani and Terry Winograd},
            note = {Previous number = SIDL-WP-1999-0120},
           title = {The PageRank Citation Ranking: Bringing Order to the Web.},
            type = {Technical Report},
       publisher = {Stanford InfoLab},
            year = {1999},
     institution = {Stanford InfoLab},
             url = {http://ilpubs.stanford.edu:8090/422/},
        abstract = {The importance of a Web page is an inherently subjective matter, which depends on the readers interests, knowledge and attitudes. But there is still much that can be said objectively about the relative importance of Web pages. This paper describes PageRank, a mathod for rating Web pages objectively and mechanically, effectively measuring the human interest and attention devoted to them. We compare PageRank to an idealized random Web surfer. We show how to efficiently compute PageRank for large numbers of pages. And, we show how to apply PageRank to search and to user navigation.}
}

@inproceedings{wtf,
 author = {Gupta, Pankaj and Goel, Ashish and Lin, Jimmy and Sharma, Aneesh and Wang, Dong and Zadeh, Reza},
 title = {WTF: The Who to Follow Service at Twitter},
 booktitle = {Proceedings of the 22Nd International Conference on World Wide Web},
 series = {WWW '13},
 year = {2013},
 isbn = {978-1-4503-2035-1},
 location = {Rio de Janeiro, Brazil},
 pages = {505--514},
 numpages = {10},
 url = {http://doi.acm.org/10.1145/2488388.2488433},
 doi = {10.1145/2488388.2488433},
 acmid = {2488433},
 publisher = {ACM},
 address = {New York, NY, USA},
 keywords = {graph processing, hadoop, link prediction},
}

@article{salsa,
 author = {Lempel, R. and Moran, S.},
 title = {SALSA: The Stochastic Approach for Link-structure Analysis},
 journal = {ACM Trans. Inf. Syst.},
 issue_date = {April 2001},
 volume = {19},
 number = {2},
 month = apr,
 year = {2001},
 issn = {1046-8188},
 pages = {131--160},
 numpages = {30},
 url = {http://doi.acm.org/10.1145/382979.383041},
 doi = {10.1145/382979.383041},
 acmid = {383041},
 publisher = {ACM},
 address = {New York, NY, USA},
 keywords = {Link-structure analysis, SALSA, TKC effect, hubs and authorities, random walks},
}